<record><leader>00000cas a22000007a 4500</leader><controlfield tag="001">16908986</controlfield><controlfield tag="008">871028d1938194uinuwr ne      0    0eng d</controlfield><datafield ind1=" " ind2=" " tag="010"><subfield code="a">sn 87056694 </subfield></datafield><datafield ind1=" " ind2=" " tag="040"><subfield code="a">NPI</subfield><subfield code="b">eng</subfield><subfield code="c">NPI</subfield><subfield code="d">OCLCQ</subfield></datafield><datafield ind1=" " ind2=" " tag="042"><subfield code="a">msc</subfield></datafield><datafield ind1="0" ind2=" " tag="130"><subfield code="a">Community courier (Upland, Ind.)</subfield></datafield><datafield ind1="1" ind2="0" tag="245"><subfield code="a">Community courier.</subfield></datafield><datafield ind1=" " ind2=" " tag="260"><subfield code="a">Upland, Ind. :</subfield><subfield code="b">Forrest D. Lyons,</subfield><subfield code="c">1938-</subfield></datafield><datafield ind1=" " ind2=" " tag="310"><subfield code="a">Weekly</subfield></datafield><datafield ind1="0" ind2=" " tag="362"><subfield code="a">Vol. 43, no. 33 (Aug. 26, 1938)-</subfield></datafield><datafield ind1=" " ind2=" " tag="588"><subfield code="a">Latest issue consulted: Vol. 44, no. 52 (Dec. 29, 1939)</subfield></datafield><datafield ind1=" " ind2=" " tag="752"><subfield code="a">United States</subfield><subfield code="b">Indiana</subfield><subfield code="c">Grant</subfield><subfield code="d">Upland.</subfield></datafield><datafield ind1="0" ind2="0" tag="780"><subfield code="t">Upland community courier</subfield><subfield code="w">(DLC)sn 87056183</subfield></datafield><datafield ind1="0" ind2="0" tag="785"><subfield code="t">Courier (Upland, Ind.)</subfield><subfield code="w">(DLC)sn 87055088</subfield></datafield></record>